@book{vdl2011targeted,
  title={Targeted learning: causal inference for observational and experimental
    data},
  author={{van der Laan}, Mark J and Rose, Sherri},
  year={2011},
  publisher={Springer Science \& Business Media}
}

@incollection{smyth2005limma,
  title={Limma: linear models for microarray data},
  author={Smyth, Gordon K},
  booktitle={Bioinformatics and computational biology solutions using R and Bioconductor},
  pages={397--420},
  year={2005},
  publisher={Springer}
}